/annex/objects/MD5E-s90735--1dbb06b55fdbf8d52b959a8f1c33b9dc.bib
